@book{easley2010networks,
  title={Networks, crowds, and markets: Reasoning about a highly connected world},
  author={Easley, David and Kleinberg, Jon},
  year={2010},
  publisher={Cambridge University Press}
}

@article{anderson1996classroom,
  title={Classroom games: Information cascades},
  author={Anderson, Lisa R and Holt, Charles A},
  journal={The Journal of Economic Perspectives},
  volume={10},
  number={4},
  pages={187--193},
  year={1996},
  publisher={JSTOR}
}

@article{anderson1997information,
  title={Information cascades in the laboratory},
  author={Anderson, Lisa R and Holt, Charles A},
  journal={The American economic review},
  pages={847--862},
  year={1997},
  publisher={JSTOR}
}

@article{banerjee1992simple,
  title={A simple model of herd behavior},
  author={Banerjee, Abhijit V},
  journal={The Quarterly Journal of Economics},
  pages={797--817},
  year={1992},
  publisher={JSTOR}
}

@article{bikhchandani1992theory,
  title={A theory of fads, fashion, custom, and cultural change as informational cascades},
  author={Bikhchandani, Sushil and Hirshleifer, David and Welch, Ivo},
  journal={Journal of political Economy},
  pages={992--1026},
  year={1992},
  publisher={JSTOR}
}

@article{welch1992sequential,
  title={Sequential sales, learning, and cascades},
  author={Welch, Ivo},
  journal={The Journal of finance},
  volume={47},
  number={2},
  pages={695--732},
  year={1992},
  publisher={Wiley Online Library}
}
